<?xml version="1.0" encoding="UTF-8"?><collection xmlns="http://www.loc.gov/MARC21/slim"><record><leader>00382nam--2200145-i-4500</leader><controlfield tag="001">000011429</controlfield><controlfield tag="002">20161230</controlfield><controlfield tag="005">20170305212626</controlfield><controlfield tag="008">060222s1000------------r-----000-0-eng-d</controlfield><datafield ind1=" " ind2=" " tag="100"><subfield code="a">Carrington, Alan</subfield></datafield><datafield ind1=" " ind2=" " tag="245"><subfield code="a">Microwave spectroscopy of free radicals</subfield></datafield><datafield ind1=" " ind2=" " tag="260"><subfield code="a">London</subfield><subfield code="b">Academic Press</subfield><subfield code="c">1974</subfield></datafield><datafield ind1=" " ind2=" " tag="300"><subfield code="a">IX + 264 p</subfield></datafield><datafield ind1=" " ind2=" " tag="852"><subfield code="a">543.422.2:541.515</subfield></datafield><datafield ind1=" " ind2=" " tag="CAT"><subfield code="a">SYS</subfield><subfield code="c">20170305</subfield><subfield code="h">212626</subfield></datafield></record></collection>